@ARTICLE{Murray:2011,
   author = {{Murray}, N.},
    title = "{Star Formation Efficiencies and Lifetimes of Giant Molecular Clouds in the Milky Way}",
  journal = {\apj},
archivePrefix = "arXiv",
   eprint = {1007.3270},
 primaryClass = "astro-ph.GA",
 keywords = {galaxies: star clusters: general, ISM: bubbles, ISM: clouds, stars: formation},
     year = 2011,
    month = mar,
   volume = 729,
      eid = {133},
    pages = {133},
      doi = {10.1088/0004-637X/729/2/133},
   adsurl = {http://adsabs.harvard.edu/abs/2011ApJ...729..133M},
  adsnote = {Provided by the SAO/NASA Astrophysics Data System}
}

@ARTICLE{Ferriere:2001,
   author = {{Ferri{\`e}re}, K.~M.},
    title = "{The interstellar environment of our galaxy}",
  journal = {Reviews of Modern Physics},
  archivePrefix = "arXiv",
   eprint = {astro-ph/0106359},
     year = 2001,
    month = oct,
   volume = 73,
    pages = {1031-1066},
      doi = {10.1103/RevModPhys.73.1031},
   adsurl = {http://adsabs.harvard.edu/abs/2001RvMP...73.1031F},
  adsnote = {Provided by the SAO/NASA Astrophysics Data System}
}

@ARTICLE{Glover:2011,
   author = {{Glover}, S.~C.~O. and {Mac Low}, M.-M.},
    title = "{On the relationship between molecular hydrogen and carbon monoxide abundances in molecular clouds}",
  journal = {\mnras},
archivePrefix = "arXiv",
   eprint = {1003.1340},
 primaryClass = "astro-ph.GA",
 keywords = {molecular processes, ISM: clouds, ISM: molecules, galaxies: ISM},
     year = 2011,
    month = mar,
   volume = 412,
    pages = {337-350},
      doi = {10.1111/j.1365-2966.2010.17907.x},
   adsurl = {http://adsabs.harvard.edu/abs/2011MNRAS.412..337G},
  adsnote = {Provided by the SAO/NASA Astrophysics Data System}
}

@ARTICLE{Burton:2013,
   author = {{Burton}, M.~G. and {Braiding}, C. and {Glueck}, C. and {Goldsmith}, P. and
  {Hawkes}, J. and {Hollenbach}, D.~J. and {Kulesa}, C. and {Martin}, C.~L. and
  {Pineda}, J.~L. and {Rowell}, G. and {Simon}, R. and {Stark}, A.~A. and
  {Stutzki}, J. and {Tothill}, N.~J.~H. and {Urquhart}, J.~S. and
  {Walker}, C. and {Walsh}, A.~J. and {Wolfire}, M.},
    title = "{The Mopra Southern Galactic Plane CO Survey}",
  journal = {\pasa},
archivePrefix = "arXiv",
   eprint = {1307.1027},
 primaryClass = "astro-ph.GA",
 keywords = {Galaxy: kinematics and dynamics, Galaxy: structure, ISM: clouds, ISM: molecules, radio lines: ISM, surveys},
     year = 2013,
    month = aug,
   volume = 30,
      eid = {e044},
    pages = {44},
      doi = {10.1017/pasa.2013.22},
   adsurl = {http://adsabs.harvard.edu/abs/2013PASA...30...44B},
  adsnote = {Provided by the SAO/NASA Astrophysics Data System}
}


@ARTICLE{Reid:2014,
   author = {{Reid}, M.~J. and {Menten}, K.~M. and {Brunthaler}, A. and {Zheng}, X.~W. and
  {Dame}, T.~M. and {Xu}, Y. and {Wu}, Y. and {Zhang}, B. and
  {Sanna}, A. and {Sato}, M. and {Hachisuka}, K. and {Choi}, Y.~K. and
  {Immer}, K. and {Moscadelli}, L. and {Rygl}, K.~L.~J. and {Bartkiewicz}, A.
  },
    title = "{Trigonometric Parallaxes of High Mass Star Forming Regions: The Structure and Kinematics of the Milky Way}",
  journal = {\apj},
archivePrefix = "arXiv",
   eprint = {1401.5377},
 primaryClass = "astro-ph.GA",
 keywords = {Galaxy: fundamental parameters, Galaxy: kinematics and dynamics, Galaxy: structure, gravitational waves, parallaxes, stars: formation},
     year = 2014,
    month = mar,
   volume = 783,
      eid = {130},
    pages = {130},
      doi = {10.1088/0004-637X/783/2/130},
   adsurl = {http://adsabs.harvard.edu/abs/2014ApJ...783..130R},
  adsnote = {Provided by the SAO/NASA Astrophysics Data System}
}


@ARTICLE{Neininger:1998,
   author = {{Neininger}, N. and {Gu{\'e}lin}, M. and {Ungerechts}, H. and
  {Lucas}, R. and {Wielebinski}, R.},
    title = "{Carbon monoxide emission as a precise tracer of molecular gas in the Andromeda galaxy}",
  journal = {\nat},
     year = 1998,
    month = oct,
   volume = 395,
    pages = {871-873},
      doi = {10.1038/27612},
   adsurl = {http://adsabs.harvard.edu/abs/1998Natur.395..871N},
  adsnote = {Provided by the SAO/NASA Astrophysics Data System}
}


@ARTICLE{Nespoli:2010,
   author = {{Nespoli}, E. and {Fabregat}, J. and {Mennickent}, R.~E.},
    title = "{K-band spectroscopy of IGR J16358-4726 and IGR J16393-4643: two new symbiotic X-ray binaries}",
  journal = {\aap},
archivePrefix = "arXiv",
   eprint = {0910.0990},
 primaryClass = "astro-ph.HE",
 keywords = {X-rays: binaries, stars: neutron, stars: individual: IGR J16358-4726, stars: individual: IGR J16393-4643},
     year = 2010,
    month = jun,
   volume = 516,
      eid = {A94},
    pages = {A94},
      doi = {10.1051/0004-6361/200913410},
   adsurl = {http://adsabs.harvard.edu/abs/2010A%26A...516A..94N},
  adsnote = {Provided by the SAO/NASA Astrophysics Data System}
}

@ARTICLE{Patel:2004,
   author = {{Patel}, S.~K. and {Kouveliotou}, C. and {Tennant}, A. and {Woods}, P.~M. and
  {King}, A. and {Finger}, M.~H. and {Ubertini}, P. and {Winkler}, C. and
  {Courvoisier}, T.~J.-L. and {van der Klis}, M. and {Wachter}, S. and
  {Gaensler}, B.~M. and {Phillips}, C.~J.},
    title = "{The Peculiar X-Ray Transient IGR J16358-4726}",
  journal = {\apjl},
archivePrefix = "arXiv",
   eprint = {astro-ph/0307542},
 keywords = {Stars: Pulsars: Individual: Alphanumeric: IGR J16358-4726},
     year = 2004,
    month = feb,
   volume = 602,
    pages = {L45-L48},
      doi = {10.1086/382210},
   adsurl = {http://adsabs.harvard.edu/abs/2004ApJ...602L..45P},
  adsnote = {Provided by the SAO/NASA Astrophysics Data System}
}

@ARTICLE{Chene:2013,
   author = {{Chen{\'e}}, A.-N. and {Borissova}, J. and {Bonatto}, C. and
  {Majaess}, D.~J. and {Baume}, G. and {Clarke}, J.~R.~A. and
  {Kurtev}, R. and {Schnurr}, O. and {Bouret}, J.-C. and {Catelan}, M. and
  {Emerson}, J.~P. and {Feinstein}, C. and {Geisler}, D. and {de Grijs}, R. and
  {Herv{\'e}}, A. and {Ivanov}, V.~D. and {Kumar}, M.~S.~N. and
  {Lucas}, P. and {Mahy}, L. and {Martins}, F. and {Mauro}, F. and
  {Minniti}, D. and {Moni Bidin}, C.},
    title = "{Massive open star clusters using the VVV survey. II. Discovery of six clusters with Wolf-Rayet stars}",
  journal = {\aap},
archivePrefix = "arXiv",
   eprint = {1211.2801},
 primaryClass = "astro-ph.SR",
 keywords = {open clusters and associations: general, surveys, stars: massive, stars: Wolf-Rayet, infrared: stars},
     year = 2013,
    month = jan,
   volume = 549,
      eid = {A98},
    pages = {A98},
      doi = {10.1051/0004-6361/201220107},
   adsurl = {http://adsabs.harvard.edu/abs/2013A%26A...549A..98C},
  adsnote = {Provided by the SAO/NASA Astrophysics Data System}
}

@ARTICLE{Lutovinov:2005,
   author = {{Lutovinov}, A. and {Revnivtsev}, M. and {Gilfanov}, M. and
  {Shtykovskiy}, P. and {Molkov}, S. and {Sunyaev}, R.},
    title = "{INTEGRAL insight into the inner parts of the Galaxy. High mass X-ray binaries}",
  journal = {\aap},
archivePrefix = "arXiv",
   eprint = {astro-ph/0411550},
 keywords = {Galaxy: structure, binaries: general, X-rays: binaries},
     year = 2005,
    month = dec,
   volume = 444,
    pages = {821-829},
      doi = {10.1051/0004-6361:20042392},
   adsurl = {http://adsabs.harvard.edu/abs/2005A%26A...444..821L},
  adsnote = {Provided by the SAO/NASA Astrophysics Data System}
}

@INPROCEEDINGS{Foellmi:2002,
   author = {{Foellmi}, C. and {Moffat}, A.~F.~J.},
    title = "{Are Peculiar Wolf-Rayet Stars of Type WN8 Thorne-Zytkow Objects?}",
booktitle = {Stellar Collisions, Mergers and their Consequences},
     year = 2002,
   series = {Astronomical Society of the Pacific Conference Series},
   volume = 263,
   eprint = {astro-ph/0607217},
   editor = {{Shara}, M.~M.},
    pages = {123},
   adsurl = {http://adsabs.harvard.edu/abs/2002ASPC..263..123F},
  adsnote = {Provided by the SAO/NASA Astrophysics Data System}
}

@ARTICLE{Khokhlov:1993,
   author = {{Khokhlov}, A. and {Mueller}, E. and {Hoeflich}, P.},
    title = "{Light curves of Type IA supernova models with different explosion mechanisms}",
  journal = {\aap},
 keywords = {Lagrangian Function, Light Curve, Stellar Models, Supernova Remnants, Hydrodynamic Equations, Radiative Transfer, Supernovae},
     year = 1993,
    month = mar,
   volume = 270,
    pages = {223-248},
   adsurl = {http://adsabs.harvard.edu/abs/1993A%26A...270..223K},
  adsnote = {Provided by the SAO/NASA Astrophysics Data System}
}

@ARTICLE{Lande:2012,
   author = {{Lande}, J. and {Ackermann}, M. and {Allafort}, A. and {Ballet}, J. and
  {Bechtol}, K. and {Burnett}, T.~H. and {Cohen-Tanugi}, J. and
  {Drlica-Wagner}, A. and {Funk}, S. and {Giordano}, F. and {Grondin}, M.-H. and
  {Kerr}, M. and {Lemoine-Goumard}, M.},
    title = "{Search for Spatially Extended Fermi Large Area Telescope Sources Using Two Years of Data}",
  journal = {\apj},
archivePrefix = "arXiv",
   eprint = {1207.0027},
 primaryClass = "astro-ph.HE",
 keywords = {catalogs, gamma rays: general, ISM: supernova remnants, methods: statistical},
     year = 2012,
    month = sep,
   volume = 756,
      eid = {5},
    pages = {5},
      doi = {10.1088/0004-637X/756/1/5},
   adsurl = {http://adsabs.harvard.edu/abs/2012ApJ...756....5L},
  adsnote = {Provided by the SAO/NASA Astrophysics Data System}
}

@ARTICLE{Lutovinov:2013,
   author = {{Lutovinov}, A.~A. and {Revnivtsev}, M.~G. and {Tsygankov}, S.~S. and
  {Krivonos}, R.~A.},
    title = "{Population of persistent high-mass X-ray binaries in the Milky Way}",
  journal = {\mnras},
archivePrefix = "arXiv",
   eprint = {1302.0728},
 primaryClass = "astro-ph.HE",
 keywords = {Galaxy: general, Galaxy: stellar content, X-rays: binaries, X-rays: stars},
     year = 2013,
    month = may,
   volume = 431,
    pages = {327-341},
      doi = {10.1093/mnras/stt168},
   adsurl = {http://adsabs.harvard.edu/abs/2013MNRAS.431..327L},
  adsnote = {Provided by the SAO/NASA Astrophysics Data System}
}

@ARTICLE{Aharonian:2006,
   author = {{Aharonian}, F. and {Akhperjanian}, A.~G. and {Bazer-Bachi}, A.~R. and
  {Beilicke}, M. and {Benbow}, W. and {Berge}, D. and {Bernl{\"o}hr}, K. and
  {Boisson}, C. and {Bolz}, O. and {Borrel}, V. and {Braun}, I. and
  {Breitling}, F. and {Brown}, A.~M. and {Chadwick}, P.~M. and
  {Chounet}, L.-M. and {Cornils}, R. and {Costamante}, L. and
  {Degrange}, B. and {Dickinson}, H.~J. and {Djannati-Ata{\"i}}, A. and
  {Drury}, L.~O. and {Dubus}, G. and {Emmanoulopoulos}, D. and
  {Espigat}, P. and {Feinstein}, F. and {Fontaine}, G. and {Fuchs}, Y. and
  {Funk}, S. and {Gallant}, Y.~A. and {Giebels}, B. and {Gillessen}, S. and
  {Glicenstein}, J.~F. and {Goret}, P. and {Hadjichristidis}, C. and
  {Hauser}, M. and {Heinzelmann}, G. and {Henri}, G. and {Hermann}, G. and
  {Hinton}, J.~A. and {Hofmann}, W. and {Holleran}, M. and {Horns}, D. and
  {Jacholkowska}, A. and {de Jager}, O.~C. and {Kh{\'e}lifi}, B. and
  {Komin}, N. and {Konopelko}, A. and {Latham}, I.~J. and {Le Gallou}, R. and
  {Lemi{\`e}re}, A. and {Lemoine-Goumard}, M. and {Leroy}, N. and
  {Lohse}, T. and {Martin}, J.~M. and {Martineau-Huynh}, O. and
  {Marcowith}, A. and {Masterson}, C. and {McComb}, T.~J.~L. and
  {de Naurois}, M. and {Nolan}, S.~J. and {Noutsos}, A. and {Orford}, K.~J. and
  {Osborne}, J.~L. and {Ouchrif}, M. and {Panter}, M. and {Pelletier}, G. and
  {Pita}, S. and {P{\"u}hlhofer}, G. and {Punch}, M. and {Raubenheimer}, B.~C. and
  {Raue}, M. and {Raux}, J. and {Rayner}, S.~M. and {Reimer}, A. and
  {Reimer}, O. and {Ripken}, J. and {Rob}, L. and {Rolland}, L. and
  {Rowell}, G. and {Sahakian}, V. and {Saug{\'e}}, L. and {Schlenker}, S. and
  {Schlickeiser}, R. and {Schuster}, C. and {Schwanke}, U. and
  {Siewert}, M. and {Sol}, H. and {Spangler}, D. and {Steenkamp}, R. and
  {Stegmann}, C. and {Tavernet}, J.-P. and {Terrier}, R. and {Th{\'e}oret}, C.~G. and
  {Tluczykont}, M. and {Vasileiadis}, G. and {Venter}, C. and
  {Vincent}, P. and {V{\"o}lk}, H.~J. and {Wagner}, S.~J.},
    title = "{The H.E.S.S. Survey of the Inner Galaxy in Very High Energy Gamma Rays}",
  journal = {\apj},
   eprint = {astro-ph/0510397},
 keywords = {Catalogs, Gamma Rays: Observations, Stars: Pulsars: General, ISM: Supernova Remnants, Stars: Supernovae: General, Surveys},
     year = 2006,
    month = jan,
   volume = 636,
    pages = {777-797},
      doi = {10.1086/498013},
   adsurl = {http://adsabs.harvard.edu/abs/2006ApJ...636..777A},
  adsnote = {Provided by the SAO/NASA Astrophysics Data System}
}

@ARTICLE{Gotthelf:2014,
   author = {{Gotthelf}, E.~V. and {Tomsick}, J.~A. and {Halpern}, J.~P. and 
  {Gelfand}, J.~D. and {Harrison}, F.~A. and {Boggs}, S.~E. and 
  {Christensen}, F.~E. and {Craig}, W.~W. and {Hailey}, J.~C. and 
  {Kaspi}, V.~M. and {Stern}, D.~K. and {Zhang}, W.~W.},
    title = "{NuSTAR Discovery of a Young, Energetic Pulsar Associated with the Luminous Gamma-Ray Source HESS J1640-465}",
  journal = {\apj},
archivePrefix = "arXiv",
   eprint = {1405.0465},
 primaryClass = "astro-ph.HE",
 keywords = {ISM: individual objects: G338.3{\ndash}0.0 HESS J1640{\ndash}465 1FHL J1640.5{\ndash}4634 AX J1640.7{\ndash}4632 XMMU J164045.4{\ndash}463131, ISM: supernova remnants, pulsars: individual: PSR J1640-4631, stars: neutron},
     year = 2014,
    month = jun,
   volume = 788,
      eid = {155},
    pages = {155},
      doi = {10.1088/0004-637X/788/2/155},
   adsurl = {http://adsabs.harvard.edu/abs/2014ApJ...788..155G},
  adsnote = {Provided by the SAO/NASA Astrophysics Data System}
}

@ARTICLE{Funk:2007,
   author = {{Funk}, S. and {Hinton}, J.~A. and {P{\"u}hlhofer}, G. and {Aharonian}, F.~A. and 
  {Hofmann}, W. and {Reimer}, O. and {Wagner}, S.},
    title = "{XMM-Newton Observations Reveal the X-Ray Counterpart of the Very High Energy Gamma-Ray Source HESS J1640-465}",
  journal = {\apj},
   eprint = {astro-ph/0701166},
 keywords = {Gamma Rays: Observations, ISM: individual (3EG J1639-4702), ISM: individual (AX J1640.7-4632), ISM: individual (G338.3-0.0), ISM: individual (HESS J1640-465), ISM: Supernova Remnants, X-Rays: General},
     year = 2007,
    month = jun,
   volume = 662,
    pages = {517-524},
      doi = {10.1086/516567},
   adsurl = {http://adsabs.harvard.edu/abs/2007ApJ...662..517F},
  adsnote = {Provided by the SAO/NASA Astrophysics Data System}
}

@INPROCEEDINGS{Vink:2013,
   author = {{Vink}, J.},
    title = "{Supernova Remnants as the Sources of Galactic Cosmic Rays}",
booktitle = {370 Years of Astronomy in Utrecht},
     year = 2013,
   series = {Astronomical Society of the Pacific Conference Series},
   volume = 470,
archivePrefix = "arXiv",
   eprint = {1206.2363},
 primaryClass = "astro-ph.HE",
   editor = {{Pugliese}, G. and {de Koter}, A. and {Wijburg}, M.},
    month = jan,
    pages = {269},
   adsurl = {http://adsabs.harvard.edu/abs/2013ASPC..470..269V},
  adsnote = {Provided by the SAO/NASA Astrophysics Data System}
}

@ARTICLE{Guo:2013,
   author = {{Guo}, Y.-Q. and {Feng}, Z.-Y. and {Yuan}, Q. and {Liu}, C. and 
  {Hu}, H.-B.},
    title = "{On the Galactic Center being the main source of galactic cosmic rays as evidenced by recent cosmic ray and gamma ray observations}",
  journal = {New Journal of Physics},
     year = 2013,
    month = jan,
   volume = 15,
   number = 1,
      eid = {013053},
    pages = {013053},
      doi = {10.1088/1367-2630/15/1/013053},
   adsurl = {http://adsabs.harvard.edu/abs/2013NJPh...15a3053G},
  adsnote = {Provided by the SAO/NASA Astrophysics Data System}
}

@INPROCEEDINGS{Fang:2012,
   author = {{Fang}, K. and {Kotera}, K. and {Olinto}, A.},
    title = "{Newly-born Pulsars as Sources of Ultrahigh Energy Cosmic Rays}",
booktitle = {APS April Meeting Abstracts},
     year = 2012,
    month = mar,
    pages = {7009},
   adsurl = {http://adsabs.harvard.edu/abs/2012APS..APR.T7009F},
  adsnote = {Provided by the SAO/NASA Astrophysics Data System}
}

@ARTICLE{Kalli:2011,
   author = {{Kalli}, S. and {Lemoine}, M. and {Kotera}, K.},
    title = "{Distortion of the ultrahigh energy cosmic ray flux from rare transient sources in inhomogeneous extragalactic magnetic fields}",
  journal = {\aap},
archivePrefix = "arXiv",
   eprint = {1101.3801},
 primaryClass = "astro-ph.HE",
 keywords = {astroparticle physics, magnetic fields},
     year = 2011,
    month = apr,
   volume = 528,
      eid = {A109},
    pages = {A109},
      doi = {10.1051/0004-6361/201015688},
   adsurl = {http://adsabs.harvard.edu/abs/2011A%26A...528A.109K},
  adsnote = {Provided by the SAO/NASA Astrophysics Data System}
}
